@book{AkyildizWSNs,
 author = {{Akyildiz, I., Vuran, M.}},
 title = "Wireless Sensor Networks",
 publisher = "John Wiley \& Sons, Inc.",
 address = "New York, NY, USA",
 year = "2010",
} 

@article{composability,
  author = {{Stoleru, R., Stankovic, J., Son, S.H.}},
  title = "{On Composability of Localization Protocols for Wireless Sensor Networks}",
  journal = "Network, IEEE",
  volume = "22",
  number = "4",
  year = "2008",
  pages = "21--25"
}

@inproceedings{airDroppedVolvano,
  title={{Air-dropped Sensor Network for Real-Time High-Fidelity Volcano Monitoring}},
  author={{Song, W.Z., Huang, R., Xu, M., Ma, A., Shirazi, B., LaHusen, R.}},
  booktitle={{Proceedings of the 7th International Conference on Mobile Systems, Applications, and Services}},
  pages={305--318},
  year={2009},
  organization={ACM},
}

@article{countersniper,
  author={{L{\'e}deczi, {\'A}., N{\'a}das, A., V{\"o}lgyesi, P., Balogh, G., Kusy, B., Sallai, J., Pap, G., D{\'o}ra, S., Moln{\'a}r, K., Mar{\'o}ti, M.}},
  title={{Countersniper System for Urban Warfare}},
  journal={ACM Transactions on Sensor Networks (TOSN)},
  volume={1},
  number={2},
  year={2005},
  pages={153--177},
}

@article{habitat,
  author={{Szewczyk, R. and Osterweil, E. and Polastre, J. and Hamilton, M. and Mainwaring, A. and Estrin, D.}},
  title={Habitat Monitoring with Sensor Networks},
  journal={Communications of the ACM},
  volume={47},
  number={6},
  year={2004},
  pages={34--40},
}

@manual{telosB,
  author = "{Crossbow Technologies, Inc.}",
  title = "{Homepage}",
  url = "http://www.xbow.com."
}

@article{rang:loc:techniques, 
author={{Boukerche, A., Oliveira, H.A.B., Nakamura, E.F., Loureiro, A.A.F.}}, 
title={{Localization Systems for Wireless Sensor Networks}},
journal={Wireless Communications, IEEE},
volume={14},
number={6},
month={december},
year={2007},  
pages={6 -12}, 
}

@article{laterationSpecs,
  author={{Moravek, P., Komosny, D., Simek, M., Girbau, D., Lazaro, A.}},
  title={{Energy Analysis of Received Signal Strength Localization in Wireless Sensor Networks}},
  journal={Radioengineering},
  volume={20},
  number={4},
  year={2011},
  pages={937},
}

@article{sense,
  author={{Chen, G., Branch, J., Pflug, M., Zhu, L., Szymanski, B.}},
  title={{SENSE: a wireless sensor network simulator}},
  journal={{Advances in Pervasive Computing and Networking}},
  pages={249--267},
  year={2005},
  publisher={Springer}
}

@article{cano,
  author={{Cano, C., Bellalta, B., Cisneros, A., Oliver, M.}},
  title={{Quantitative Analysis of the Hidden Terminal Problem in Preamble Sampling WSNs}},
  journal={Ad Hoc Networks},
  year={2011},
  publisher={Elsevier}
}

@mastersthesis{mastersThesis,
author = {{Sanabria-Russo, L.}},
title = "{Localization Procedure for Wireless Sensor Networks}",
type = "M. Sc. thesis",
school = "Universitat de Valencia/Universitat Pompeu Fabra",
year = "2012"
}

@inproceedings{convexEstimation,
  author={{Doherty, L., El Ghaoui, L.}},
  title={{Convex Position Estimation in Wireless Sensor Networks}},
  booktitle={INFOCOM 2001. Twentieth Annual Joint Conference of the IEEE Computer and Communications Societies. Proceedings. IEEE},
  volume={3},
  pages={1655--1663},
  organization={IEEE},
  year={2001}
}

@inproceedings{fieldDimmensions,
  title={{Dynamic Fine-Grained Localization in Ad-hoc Networks of Sensors}},
  author={{Savvides, A., Han, C.C., Strivastava, M.B.}},
  booktitle={Proceedings of the 7th annual international conference on Mobile computing and networking},
  pages={166--179},
  organization={ACM},
  year={2001},
}

@inproceedings{beaconLimits,
  author={{Savvides, A., Garber, W., Adlakha, S., Moses, R., Srivastava, M.}},
  title={{On the Error Characteristics of Multihop Node Localization in Ad-hoc Sensor Networks}},
  booktitle={Information Processing in Sensor Networks},
  pages={555--555},
  organization={Springer},
  year={2003},
}

@inproceedings{alsindi2006error,
  title={{An Error Propagation Aware Algorithm for Precise Cooperative Indoor Localization}},
  author={{Alsindi, N.A. and Pahlavan, K. and Alavi, B.}},
  booktitle={Military Communications Conference, 2006. MILCOM.},
  pages={1--7},
  year={2006},
  organization={IEEE}
}

@inproceedings{alippi2006rssi,
  title={{A RSSI-based and Calibrated Centralized Localization Technique for Wireless Sensor Networks}},
  author={{Alippi, C. and Vanini, G.}},
  booktitle={Fourth Annual IEEE International Conference on Pervasive Computing and Communications Workshops. PerCom Workshops.},
  pages={5--pp},
  year={2006},
  organization={IEEE}
}

@article{pal2010localization,
  title={{Localization Algorithms in Wireless Sensor Networks: Current Approaches and Future Challenges}},
  author={Pal, A.},
  journal={Network Protocols and Algorithms},
  volume={2},
  number={1},
  pages={45--73},
  year={2010},
  url = "http://www.macrothink.org/journal/index.php/npa/article/view/279"
}
